<record><leader>00000cas a22000007a 4500</leader><controlfield tag="001">12327692</controlfield><controlfield tag="008">850731d19401969wiuwr ne      0    0eng d</controlfield><datafield ind1=" " ind2=" " tag="010"><subfield code="a">sn 85041071 </subfield></datafield><datafield ind1=" " ind2=" " tag="040"><subfield code="a">NPV</subfield><subfield code="b">eng</subfield><subfield code="c">NPV</subfield><subfield code="d">MN#</subfield><subfield code="d">OCLCQ</subfield></datafield><datafield ind1=" " ind2=" " tag="042"><subfield code="a">msc</subfield></datafield><datafield ind1=" " ind2=" " tag="045"><subfield code="a">x4x6</subfield></datafield><datafield ind1=" " ind2=" " tag="052"><subfield code="a">4123</subfield><subfield code="b">P5</subfield></datafield><datafield ind1="0" ind2=" " tag="130"><subfield code="a">Reporter (Beldenville, Wis.)</subfield></datafield><datafield ind1="1" ind2="4" tag="245"><subfield code="a">The Reporter.</subfield></datafield><datafield ind1=" " ind2=" " tag="260"><subfield code="a">Beldenville (Pierce County), Wis. :</subfield><subfield code="b">C.E. Helmer,</subfield><subfield code="c">-1969.</subfield></datafield><datafield ind1=" " ind2=" " tag="300"><subfield code="a">28 v. :</subfield><subfield code="b">ill.</subfield></datafield><datafield ind1=" " ind2=" " tag="310"><subfield code="a">Weekly</subfield></datafield><datafield ind1=" " ind2=" " tag="321"><subfield code="a">Biweekly,</subfield><subfield code="b">&lt;Oct., 1940&gt;-&lt;Nov. 1941&gt;</subfield></datafield><datafield ind1="0" ind2=" " tag="362"><subfield code="a">-v. 28, no. 33 (Jan. 2, 1969).</subfield></datafield><datafield ind1="1" ind2=" " tag="362"><subfield code="a">Began with Sept. 19, 1940 issue.</subfield><subfield code="z">Cf. Oehlerts, d. E. Guide to Wis. newspapers.</subfield></datafield><datafield ind1=" " ind2=" " tag="500"><subfield code="a">"Published ... in the best interests of the people of Beldenville, Trimbelle, Martell, Lawton, and El Paso."</subfield></datafield><datafield ind1=" " ind2=" " tag="515"><subfield code="a">Suspended: June 29, 1945-Feb. 13, 1946.</subfield></datafield><datafield ind1=" " ind2=" " tag="530"><subfield code="a">Available on microfilm from The State Historical Society of Wisconsin.</subfield></datafield><datafield ind1=" " ind2=" " tag="588"><subfield code="a">Description based on: Vol. 1, no. 2 (Oct. 3, 1940).</subfield></datafield><datafield ind1=" " ind2=" " tag="752"><subfield code="a">United States</subfield><subfield code="b">Wisconsin</subfield><subfield code="c">Pierce</subfield><subfield code="d">Beldenville.</subfield></datafield><datafield ind1=" " ind2=" " tag="752"><subfield code="a">United States</subfield><subfield code="b">Wisconsin</subfield><subfield code="c">Pierce</subfield><subfield code="d">El Paso.</subfield></datafield><datafield ind1=" " ind2=" " tag="752"><subfield code="a">United States</subfield><subfield code="b">Wisconsin</subfield><subfield code="c">Pierce</subfield><subfield code="d">Lawton.</subfield></datafield><datafield ind1=" " ind2=" " tag="752"><subfield code="a">United States</subfield><subfield code="b">Wisconsin</subfield><subfield code="c">Pierce</subfield><subfield code="d">Martell.</subfield></datafield><datafield ind1=" " ind2=" " tag="752"><subfield code="a">United States</subfield><subfield code="b">Wisconsin</subfield><subfield code="c">Pierce</subfield><subfield code="d">Trimbelle.</subfield></datafield><datafield ind1="1" ind2=" " tag="029"><subfield code="a">AU@</subfield><subfield code="b">000023532726</subfield></datafield></record>